% This file was created with JabRef 2.3.1.
% Encoding: UTF8

@STRING{acmccs = {ACM CCS}}

@STRING{acmcomm = {ACM Communications}}

@STRING{acmcs = {ACM Computing Surveys}}

@STRING{acmj = {Journal of ACM}}

@STRING{acmtocs = {ACM TOCS}}

@STRING{acmtoplas = {ACM TOPLAS}}

@STRING{acmwpes = {ACM WPES}}

@STRING{asia = {ASIACRYPT}}

@STRING{bstj = {Bell System Technical Journal}}

@STRING{ccc = {CCC}}

@STRING{crypto = {CRYPTO}}

@STRING{csfw = {CSFW}}

@STRING{dcc = {DCC}}

@STRING{esa = {ESA}}

@STRING{euro = {EUROCRYPT}}

@STRING{focs = {FOCS}}

@STRING{icalp = {ICALP}}

@STRING{ieeesac = {IEEE Selected Areas in Communications}}

@STRING{ieeesp = {IEEE Security and Privacy}}

@STRING{ieeetit = {IEEE TIT}}

@STRING{ipl = {Information Processing Letters}}

@STRING{isit = {ISIT}}

@STRING{jal = {Journal of Algorithms}}

@STRING{jcss = {Journal of Computer and System Sciences}}

@STRING{joc = {Journal of Cryptology}}

@STRING{lncs = {LNCS}}

@STRING{mathcomp = {Mathematics of Computation}}

@STRING{ncc = {NCC}}

@STRING{netecon = {NetEcon}}

@STRING{pkc = {PKC}}

@STRING{podc = {PODC}}

@STRING{prl = {Physical Review Letters}}

@STRING{rsa = {RSA}}

@STRING{rsalg = {Random Structures and Algorithms}}

@STRING{sciam = {Scientific American}}

@STRING{scn = {SCN}}

@STRING{siamjc = {SIAM Journal on Computing}}

@STRING{siamjdm = {SIAM Journal on Discrete Mathematics}}

@STRING{springer = {Springer}}

@STRING{spver = {Springer-Verlag}}

@STRING{stacs = {STACS}}

@STRING{stoc = {STOC}}

@STRING{tcc = {TCC}}

@STRING{tcs = {TCS}}

@STRING{usesec = {USENIX Security}}

@ARTICLE{AJSW,
  author = {Asokan, N. and Janson, PA and Steiner, M. and Waidner, M.},
  title = {The state of the art in electronic payment systems},
  journal = {IEEE Computer},
  year = {1997},
  volume = {30},
  pages = {28--35},
  number = {9}
}

@INPROCEEDINGS{ASW2,
  author = {Nadarajah Asokan and Matthias Schunter and Michael Waidner},
  title = {Optimistic Protocols for Fair Exchange},
  booktitle = acmccs,
  year = {1997}
}

@ARTICLE{ASW,
  author = {Nadarajah Asokan and Victor Shoup and Michael Waidner},
  title = {Optimistic Fair Exchange of Digital Signatures},
  journal = ieeesac,
  year = {2000},
  volume = {18},
  pages = {591--610}
}

@INPROCEEDINGS{ASW1,
  author = {Nadarajah Asokan and Victor Shoup and Michael Waidner},
  title = {Optimistic Fair Exchange of Digital Signatures},
  booktitle = euro,
  year = {1998}
}

@INPROCEEDINGS{atenieseFEX,
  author = {Giuseppe Ateniese},
  title = {Efficient Verifiable Encryption (and Fair Exchange) of Digital Signatures},
  booktitle = acmccs,
  year = {1999}
}

@INPROCEEDINGS{PDP,
  author = {Giuseppe Ateniese and Randal Burns and Reza Curtmola and Joseph Herring
	and Lea Kissner and Zachary Peterson and Dawn Song},
  title = {Provable Data Possession at Untrusted Stores},
  booktitle = acmccs,
  year = {2007},
  url = {http://eprint.iacr.org/2007/202}
}

@ARTICLE{fexSS,
  author = {Avoine, G. and Vaudenay, S.},
  title = {Optimistic Fair Exchange Based on Publicly Verifiable Secret Sharing},
  journal = {ACISP},
  year = {2004},
  publisher = {Springer}
}

@ARTICLE{bcl,
  author = {Endre Bangerter and Jan Camenisch and Anna Lysyanskaya},
  title = {A cryptographic framework for the controlled release of certified
	data},
  journal = {SPW},
  year = {2004},
  publisher = {Springer}
}

@INPROCEEDINGS{baoFEX,
  author = {Feng Bao and Robert Deng and Wenbo Mao},
  title = {Efficient and Practical Fair Exchange Protocols with off-line {TTP}},
  booktitle = ieeesp,
  year = {1998}
}

@INPROCEEDINGS{belenkiy2008,
  author = {Mira Belenkiy and Melissa Chase and Chris Erway and John Jannotti
	and Alptekin K{\"u}p{\c{c}}{\"u} and Anna Lysyanskaya},
  title = {Incentivizing Outsourced Computation},
  booktitle = netecon,
  year = {2008},
  url = {http://www.cs.brown.edu/research/brownie/ioc-netecon08.pdf}
}

@INPROCEEDINGS{belenkiy2007,
  author = {Mira Belenkiy and Melissa Chase and Chris Erway and John Jannotti
	and Alptekin K{\"u}p{\c{c}}{\"u} and Anna Lysyanskaya and Eric Rachlin},
  title = {Making P2P Accountable Without Losing Privacy},
  booktitle = acmwpes,
  year = {2007},
  url = {http://www.cs.brown.edu/research/brownie/p2p-ecash-wpes07.pdf}
}

@INPROCEEDINGS{OAEP,
  author = {Mihir Bellare and Philip Rogaway},
  title = {Optimal Asymmetric Encryption},
  booktitle = euro,
  year = {1994}
}

@ARTICLE{brRO,
  author = {Mihir Bellare and Philip Rogaway},
  title = {Random oracles are practical: a paradigm for designing efficient
	protocols},
  journal = acmccs,
  year = {1993},
  pages = {62--73},
  publisher = {ACM New York, NY, USA}
}

@INPROCEEDINGS{blakleySS,
  author = {George Robert Blakley},
  title = {Safeguarding Cryptographic Keys},
  booktitle = ncc,
  year = {1979}
}

@ARTICLE{CBF,
  author = {Flavio Bonomi and Michael Mitzenmacher and Rina Panigrahy and Sushil
	Singh and George Varghes},
  title = {An Improved Construction for Counting Bloom Filters},
  journal = esa,
  year = {2006},
  volume = {4168},
  pages = {684-695}
}

@ARTICLE{boudotInterval,
  author = {Fabrice Boudot},
  title = {Efficient proofs that a committed number lies in an interval},
  journal = euro,
  year = {2000},
  pages = {431--444},
  url = {http://www.iacr.org/archive/eurocrypt2000/1807/18070437-new.pdf}
}

@INPROCEEDINGS{cdVE,
  author = {Jan Camenisch and Ivan Damg{\aa}rd},
  title = {Verifiable Encryption, Group Encryption, and Their Applications to
	Group Signatures and Signature Sharing Schemes},
  booktitle = asia,
  year = {2000}
}

@ARTICLE{cgCL,
  author = {Jan Camenisch and Jens Groth},
  title = {Group signatures: Better efficiency and new theoretical aspects},
  journal = scn,
  year = {2004},
  publisher = {Springer},
  url = {http://www.springerlink.com/content/aepf3hpt0mdtvv8r/fulltext.pdf}
}

@INPROCEEDINGS{cloneWars,
  author = {Jan Camenisch and Susan Hohenberger and Markulf Kohlweiss and Anna
	Lysyanskaya and Mira Meyerovich},
  title = {How to win the clonewars: efficient periodic n-times anonymous authentication},
  booktitle = acmccs,
  year = {2006},
  url = {http://www.cs.brown.edu/~anna/papers/chklm06.pdf}
}

@INPROCEEDINGS{chlCOMPACT,
  author = {Jan Camenisch and Susan Hohenberger and Anna Lysysanskaya},
  title = {Compact E-Cash},
  booktitle = euro,
  year = {2005},
  url = {http://www.cs.brown.edu/~anna/papers/chl05.pdf}
}

@ARTICLE{cl2,
  author = {Jan Camenisch and Anna Lysyanskaya},
  title = {A signature scheme with efficient protocols},
  journal = scn,
  year = {2002},
  volume = {2576},
  pages = {268--289},
  publisher = {Springer}
}

@INPROCEEDINGS{clACCU,
  author = {Jan Camenisch and Anna Lysyanskaya},
  title = {Dynamic Accumulators and Application to Efficient Revocation of Anonymous
	Credentials},
  booktitle = crypto,
  year = {2002}
}

@ARTICLE{cl1,
  author = {Jan Camenisch and Anna Lysyanskaya},
  title = {An efficient system for non-transferable anonymous credentials with
	optional anonymity revocation},
  journal = euro,
  year = {2001},
  pages = {93--118},
  publisher = {Springer}
}

@INPROCEEDINGS{clmENDORSED,
  author = {Jan Camenisch and Anna Lysyanskaya and Mira Meyerovich},
  title = {Endorsed E-Cash},
  booktitle = ieeesp,
  year = {2007},
  url = {http://www.cs.brown.edu/~mira/papers/ieeesp07.pdf}
}

@INPROCEEDINGS{csVE,
  author = {Jan Camenisch and Victor Shoup},
  title = {Practical Verifiable Encryption and Decryption of Discrete Logarithms},
  booktitle = crypto,
  year = {2003},
  url = {http://www.zurich.ibm.com/~jca/papers/verenc.pdf}
}

@ARTICLE{cghRO,
  author = {Ran Canetti and Oded Goldreich and Shai Halevi},
  title = {The Random Oracle Methodology, Revisited},
  journal = acmj,
  year = {2004},
  volume = {51},
  pages = {557--594},
  number = {4}
}

@INPROCEEDINGS{chaum82,
  author = {David Chaum},
  title = {Blind Signatures for Untraceable Payments},
  booktitle = crypto,
  year = {1982}
}

@ARTICLE{youtube,
  author = {Cheng, X. and Dale, C. and Liu, J.},
  title = {Understanding the Characteristics of Internet Short Video Sharing:
	YouTube as a Case Study},
  journal = {eprint arXiv},
  year = {2007},
  volume = {0707.3670}
}

@INPROCEEDINGS{bittorrent,
  author = {Bram Cohen},
  title = {Incentives Build Robustness in BitTorrent},
  booktitle = {WEPS},
  year = {2003}
}

@MISC{speeds,
  author = {Larry Cohen},
  title = {Testimony of Larry Cohen, President of Communications Workers of
	America},
  month = {May},
  year = {2007},
  url = {http://files.cwa-union.org/speedmatters/20070517LCohenTestimony.pdf}
}

@INPROCEEDINGS{csCCA,
  author = {Ronald Cramer and Victor Shoup},
  title = {A Practical Public Key Cryptosystem Provably Secure Against Adaptive
	Chosen Ciphertext Attack},
  booktitle = crypto,
  year = {1998}
}

@BOOK{AES,
  title = {The Design of Rijndael: AES--the Advanced Encryption Standard},
  publisher = springer,
  year = {2002},
  author = {Joan Daemen and Vincent Rijmen}
}

@ARTICLE{damgardTC,
  author = {Ivan Damgard},
  title = {Efficient Concurrent Zero-Knowledge in the Auxiliary String Model},
  journal = euro,
  year = {2000},
  pages = {418--430},
  publisher = {Springer},
  url = {http://www.springerlink.com/content/cdjemj7mwr8bmyk3/fulltext.pdf}
}

@MISC{FOcomm2,
  author = {Ivan Damgard and Eiichiro Fujisaki},
  title = {An Integer Commitment Scheme based on Groups with Hidden Order},
  howpublished = {Cryptology ePrint Archive, Report 2001/064},
  year = {2001},
  url = {http://eprint.iacr.org/2001/064}
}

@ARTICLE{diffie76new,
  author = {Whitfield Diffie and Martin E. Hellman},
  title = {New Directions in Cryptography},
  journal = {IEEE Transactions on Information Theory},
  year = {1976},
  volume = {IT-22},
  pages = {644--654},
  number = {6},
  date = {November 1976},
  url = {citeseer.ist.psu.edu/diffie76new.html}
}

@INPROCEEDINGS{TOR,
  author = {Roger Dingledine and Nick Mathewson and Paul Syverson},
  title = {Tor: the Second-Generation Onion Router},
  booktitle = usesec,
  year = {2004}
}

@ARTICLE{fexMULTI,
  author = {Dodis, Y. and Lee, P.J. and Yum, D.H.},
  title = {Optimistic Fair Exchange in a Multi-user Setting},
  journal = lncs,
  year = {2007},
  volume = {4450},
  pages = {118}
}

@ARTICLE{non-malleable,
  author = {Danny Dolev and Cynthia Dwork and Moni Naor},
  title = {Nonmalleable Cryptography},
  journal = siamjc,
  year = {2000},
  volume = {30},
  pages = {391--437},
  number = {2},
  month = Apr,
  url = {http://www.wisdom.weizmann.ac.il/~naor/PAPERS/nmc.ps}
}

@INPROCEEDINGS{sybil,
  author = {John R. Douceur},
  title = {The Sybil Attack},
  booktitle = {IPTPS},
  year = {2002}
}

@ARTICLE{fiatShamir,
  author = {Amos Fiat and Adi Shamir},
  title = {How to prove yourself: Practical solutions to identification and
	signature problems},
  journal = crypto,
  year = {1986},
  volume = {86},
  pages = {186--194},
  publisher = {Springer}
}

@INPROCEEDINGS{FOcomm,
  author = {Eiichiro Fujisaki and Tatsuaki Okamoto},
  title = {Statistical Zero Knowledge Protocols to Prove Modular Polynomial
	Relations},
  booktitle = crypto,
  year = {1997},
  pages = {16--30},
  address = {London, UK},
  publisher = {Springer-Verlag},
  isbn = {3-540-63384-7},
  url = {http://www.springerlink.com/content/m9p4027q3ybdmrru/}
}

@ARTICLE{RSA-OAEP,
  author = {Fujisaki, E. and Okamoto, T. and Pointcheval, D. and Stern, J.},
  title = {RSA-OAEP Is Secure under the RSA Assumption},
  journal = joc,
  year = {2004},
  volume = {17},
  pages = {81--104},
  number = {2},
  publisher = {Springer}
}

@ARTICLE{gmr88,
  author = {Shafi Goldwasser and Silvio Micali and Ronald Rivest},
  title = {A Digital Signature Scheme Secure Against Adaptive Chosen-Message
	Attacks},
  journal = siamjc,
  year = {1988},
  volume = {17},
  pages = {281--308},
  number = {2},
  month = Apr
}

@TECHREPORT{RSAlabs1,
  author = {Burt Kaliski},
  title = {TWIRL and RSA Key Size},
  institution = {RSA Laboratories},
  year = {2003},
  note = {http://www.rsa.com/rsalabs/node.asp?id=2004},
  url = {http://www.rsa.com/rsalabs/node.asp?id=2004}
}

@BOOK{klBOOK,
  title = {Introduction to Modern Cryptography},
  publisher = {Chapman \& Hall/CRC},
  year = {2007},
  author = {Jonathan Katz and Yehuda Lindell}
}

@MISC{RSAlabs2,
  author = {RSA Laboratories},
  title = {FAQ: What key size should be used?},
  note = {http://www.rsa.com/rsalabs/node.asp?id=2264},
  url = {http://www.rsa.com/rsalabs/node.asp?id=2264}
}

@ARTICLE{lipmaaInterval,
  author = {Lipmaa, H.},
  title = {On Diophantine Complexity and Statistical Zero-Knowledge Arguments},
  journal = asia,
  year = {2003},
  volume = {2894},
  pages = {398--415},
  publisher = {Springer},
  url = {http://www.springerlink.com/content/0tj2dbbnw89n0kaf/fulltext.pdf}
}

@BOOK{menezesHoAC,
  title = {Handbook of Applied Cryptography},
  publisher = {CRC Press},
  year = {1997},
  author = {Menezes, A.J. and Van Oorschot, P.C. and Vanstone, S.A.},
  url = {http://www.cacr.math.uwaterloo.ca/hac/}
}

@ARTICLE{merkleHASH,
  author = {Merkle, R.C.},
  title = {A Digital Signature Based on a Conventional Encryption Function},
  journal = lncs,
  year = {1987},
  volume = {293},
  pages = {369--378},
  publisher = spver
}

@INPROCEEDINGS{micaliFEX,
  author = {Silvio Micali},
  title = {Simple and Fast Optimistic Protocols for Fair Electronic Exchange},
  booktitle = podc,
  year = {2003}
}

@MISC{micaliPATENT,
  author = {Silvio Micali},
  title = {Simultaneous Electronic Transactions with Visible Trusted Parties},
  howpublished = {US Patent 5,553,145},
  year = {1996}
}

@INPROCEEDINGS{millerFACTORING,
  author = {G.L. Miller},
  title = {Riemann's Hypothesis and Tests for Primality},
  booktitle = stoc,
  year = {1975},
  pages = {234--239},
  url = {http://delivery.acm.org/10.1145/810000/803773/p234-miller.pdf?key1=803773&key2=6288330021&coll=GUIDE&dl=GUIDE&CFID=49839882&CFTOKEN=63276744}
}

@INPROCEEDINGS{UOWHF,
  author = {Moni Naor and Moti Yung},
  title = {Universal One-Way Hash Functions and their Cryptographic Applications},
  booktitle = stoc,
  year = {1989},
  url = {http://citeseer.ist.psu.edu/cache/papers/cs/20701/http:zSzzSzwww.wisdom.weizmann.ac.ilzSz~naorzSzPAPERSzSzuowhf.pdf/naor89universal.pdf}
}

@ARTICLE{DSS,
  author = {NIST},
  title = {Digital Signature Standard (DSS)},
  journal = {FIPS PUB 186-2},
  year = {2000},
  url = {http://csrc.nist.gov/publications/fips/fips186-2/fips186-2-change1.pdf}
}

@ARTICLE{fexIMPOSSIBILITY,
  author = {Pagnia, H. and G\"artner, F.},
  title = {On The Impossibility Of Fair Exchange Without A Trusted Third Party},
  journal = {Darmstadt University of Technology},
  year = {1999},
  volume = {TUD-BS-1999-02}
}

@INPROCEEDINGS{paillierENC,
  author = {Pascal Paillier},
  title = {Public-Key Cryptosystems Based on Composite Residuosity Classes},
  booktitle = euro,
  year = {1999},
  url = {http://www.gemplus.com/smart/rd/publications/pdf/Pai99pai.pdf}
}

@INPROCEEDINGS{babisSKIPLIST,
  author = {Charalampos Papamanthou and Roberto Tamassia},
  title = {Time and Space Efficient Algorithms for Two-Party Authenticated Data},
  booktitle = {ICICS},
  year = {2007}
}

@INPROCEEDINGS{pedersenSS,
  author = {Torben Pryds Pedersen},
  title = {Non-Interactive and Information-Theoretic Secure Verifiable Secret
	Sharing},
  booktitle = crypto,
  year = {1991},
  url = {http://www.cs.cornell.edu/courses/cs754/2001fa/129.PDF}
}

@ARTICLE{rabinShallit,
  author = {Rabin, M.O. and Shallit, J.O.},
  title = {Randomized algorithms in number theory},
  journal = {Communications on Pure and Applied Mathematics},
  year = {1986},
  volume = {39},
  pages = {239--256}
}

@ARTICLE{RSA,
  author = {Ronald Rivest and Adi Shamir and Leonard Adleman},
  title = {A Method for Obtaining Digital Signatures and Public-Key Cryptosystems},
  journal = acmcomm,
  year = {1978},
  volume = {21},
  pages = {120--126},
  number = {2},
  month = Feb,
  url = {http://people.csail.mit.edu/rivest/Rsapaper.pdf}
}

@ARTICLE{schnorrSIG,
  author = {Schnorr, CP},
  title = {Efficient signature generation by smart cards},
  journal = joc,
  year = {1991},
  volume = {4},
  pages = {161--174},
  number = {3},
  publisher = {Springer}
}

@ARTICLE{shamirSS,
  author = {Adi Shamir},
  title = {How to Share a Secret},
  journal = acmcomm,
  year = {1979},
  volume = {22},
  pages = {612--613},
  number = {11},
  month = Nov,
  url = {http://www.caip.rutgers.edu/~virajb/readinglist/shamirturing.pdf}
}

@ARTICLE{dlAlgorithms,
  author = {Victor Shoup},
  title = {Lower Bounds for Discrete Logarithms and Related Problems},
  journal = lncs,
  year = {1997},
  volume = {1233},
  pages = {256},
  url = {http://citeseer.ist.psu.edu/shoup97lower.html}
}

@INPROCEEDINGS{LABELED-ENC,
  author = {Victor Shoup and Rosario Gennaro},
  title = {Securing Threshold Cryptosystems against Chosen Ciphertext Attack},
  booktitle = euro,
  year = {1998},
  url = {http://www.shoup.net/papers/thresh1.pdf}
}

