
@STRING{lncs = "Lecture Notes in Computer Science"}

@MISC{fairtrader,
	title = {Blinded for submission},
	key = 0
}

@INPROCEEDINGS{af:partially-blind-sigs:ac96,
	author = {Masayuki Abe and Eiichiro Fujisaki},
	title = {How to date blind signatures},
	booktitle = {Proc. Asiacrypt '96},
	publisher = {Springer-Verlag},
	volume = 1163,
	series = lncs,
	pages = {244-251},
	year = 1996
}

@INPROCEEDINGS{arssb:par:pets08,
	author = {Elli Androulaki and Mariana Raykova and Shreyas Srivatsan and
			  Angelos Stavrou and Steven Bellovin},
	title = {{PAR}: payment for anonymous routing},
	booktitle = {PET Symposium},
	publisher = {Springer-Verlag},
	volume = 5134,
	series = lncs,
	year = 2008,
	pages = {219-236}
}

@MISC{antlr,
	author = {Terence Parr},
	title = {{ANTLR} parser generator},
	note = {\url{http://www.antlr.org}}
}

@INPROCEEDINGS{asw:fe-signatures:ec98,
	author = {Nadarajah Asokan and Victor Shoup and Michael Waidner},
	title = {Optimistic fair exchange of digital signatures},
	booktitle = {Proc. Eurocrypt '98},
	series = lncs,
	publisher = {Springer-Verlag},
	volume = 1403,
	pages = {591-606},
	year = 1998
}

@INPROCEEDINGS{av:fair-exchange:acisp04,
	author = {Gildas Avoine and Serge Vaudenay},
	title = {Optimistic fair exchange based on publicly verifiable secret
			 sharing},
	booktitle = {ACISP},
	year = 2004,
	pages = {74-85},
	publisher = {Springer-Verlag},
	series = lncs,
	volume = 3108
}

@INPROCEEDINGS{idemix:spw09,
	author = {Endre Bangerter and Stefania Barzan and Stephan Krenn and
			  Ahmad-Reza Sadeghi and Thomas Schneider and Joe-Kai Tsay},
	title = {Bringing zero-knowledge proofs of knowledge to practice},
	booktitle = {17th International Workshop on Security Protocols},
	year = 2009
}

@MISC{idemix:eprint08,
	author = {Endre Bangerter and Jan Camenisch and Stephan Krenn and
			  Ahmad-Reza Sadeghi and Thomas Schneider},
	title = {Automatic generation of sound zero-knowledge protocols},
	year = 2008, 
	howpublished = {Cryptology ePrint Archive, Report 2008/471},
	note = {\url{http://eprint.iacr.org/2004/064}}
}

@INPROCEEDINGS{barak:non-black-box:focs01,
	author = {Boaz Barak},
	title = {How to go beyond the black-box simulation barrier},
	booktitle = {Proc. 42nd Symposium on the Foundations of Computer Science
				 (FOCS)},
	pages = {106-115},
	year  = 2001
}

@INPROCEEDINGS{bg:universal-arguments:ccc01,
	author = {Boaz Barak and Oded Goldreich},
	title = {Universal arguments and their applications},
	booktitle = {Proc. 17th IEEE Conference on Computational Complexity},
	pages = {194-203},
	year = 2001
}

@INPROCEEDINGS{bcckls:delegetable:c09,
	author = {Mira Belenkiy and Jan Camenisch and Melissa Chase and Markulf
			  Kohlweiss and Anna Lysyanskaya and Hovav Shacham},
	title = {Delegatable anonymous credentials},
	booktitle = {Proc. Crypto '09},
	publisher = {Springer-Verlag},
	series = lncs,
	volume = 5677,
	pages = {108-125},
	year = 2009
}

@INPROCEEDINGS{brownie:outsourced-computation:netecon08,
	author = {Mira Belenkiy and Melissa Chase and Chris Erway and John
			  Jannotti and Alptekin K{\"u}p{\c{c}}{\"u} and Anna Lysyanskaya},
	title = {Incentivizing outsourced computation},
	booktitle = {NetEcon},
	year = 2008,
	pages = {85-90}
}

@INPROCEEDINGS{brownie:p2p-accountable:wpes07,
	author = {Mira Belenkiy and Melissa Chase and Chris Erway and John
			  Jannotti and Alptekin K{\"u}p{\c{c}}{\"u} and Anna Lysyanskaya
			  and Eric Rachlin},
	title = {Making {P2P} accountable without losing privacy},
	booktitle = {WPES},
	publisher = {ACM},
	year = 2007,
	pages = {31-40}
}

@INPROCEEDINGS{bckl:anonymous-credentials:tcc08,
	author = {Mira Belenkiy and Melissa Chase and Markulf Kohlweiss and 
			  Anna Lysyanskaya},
	title = {Non-interactive anonymous credentials},
	booktitle = {Proc. 5th Theory of Cryptography Conference (TCC)},
	pages = {356-374},
	year = 2008
}

@INPROCEEDINGS{bg:proofs-of-knowledge:c92,
	author = {Mihir Bellare and Oded Goldreich},
	title = {On defining proofs of knowledge},
	booktitle = {Proc. Crypto '92},
	year = 1992,
	pages = {390-420},
	volume = 740,
	series = lncs,
	publisher = {Springer-Verlag}
}

@INPROCEEDINGS{br:random-oracles:ccs93,
	author = {Mihir Bellare and Phillip Rogaway},
	title = {Random oracles are practical: a paradigm for designing efficient
			 protocols},
	booktitle = {ACM Conference on Computer and Communications Security (CCS)
				 '93},
	year = 1993,
	pages = {62-73}
}

@INPROCEEDINGS{bnp:fairplaymp:ccs08,
	author = {Assaf Ben-David and Noam Nisan and Benny Pinkas},
	title = {{FairplayMP}: a system for secure multi-party computation},
	booktitle = {ACM Conference on Computer and Communications Security (CCS)
				 '08},
	year = 2008,
	pages = {257-266}
}

@MISC{acsc,
	author = {John Bethencourt and Brent Waters},
	title = {Advanced crypto software collection},
	note = {\url{http://acsc.cs.utexas.edu}}
}

@MISC{idemix:crypto-protocols:09,
	author = {Patrik Bichsel and Carl Binding and Jan Camenisch and Thomas
			  Gro{\ss} and Tom Heydt-Benjamin and Dieter Sommer and Greg
			  Zaverucha},
	title = {Cryptographic protocols of the identity mixer library, v. 1.0},
	howpublished = {{IBM} Research Report RZ3730},
	year = 2009
}

@INPROCEEDINGS{blakley:safeguarding:ncc79,
	author = {George Blakley},
	title = {Safeguarding cryptographic keys},
	booktitle = {Proc. National Computer Conference},
	year = 1979,
	pages = {313-317}
}

@ARTICLE{bdmp:nizk:siam91,
	author = {Manuel Blum and Alfredo de Santis and Silvio Micali and 
			  Giuseppe Persiano},
	title = {Non-interactive zero-knowledge},
	journal = {SIAM Journal of Computing}, 
	volume = 20,
	number = 6,
	pages = {1084-1118}, 
	year = 1991
}

@INPROCEEDINGS{bfm:nizk:stoc88,
	author = {Manuel Blum and Paul Feldman and Silvio Micali},
	title = {Non-interactive zero-knowledge and its applications},
	booktitle = {Proc. 20th Symposium on Theory of Computing (STOC)}, 
	pages = {103-112}, 
	year = 1988
}

@INPROCEEDINGS{bb:short-sigs:ec04,
	author = {Dan Boneh and Xavier Boyen},
	title = {Short signatures without random oracles},
	booktitle = {Proc. Eurocrypt '04}, 
	series = lncs,
	volume = 3027, 
	pages = {54-73}, 
	publisher = {Springer-Verlag},
	year = 2004
}

@INPROCEEDINGS{bbs:short-group-sigs:c04,
	author = {Dan Boneh and Xavier Boyen and Hovav Shacham},
	title = {Short group signatures},
	booktitle = {Proc. Crypto '04}, 
	series = lncs,
	publisher = {Springer-Verlag},
	volume = 3152, 
	pages = {41-55}, 
	year = 2004
}

@ARTICLE{bf:ibe:siam03,
	author = {Dan Boneh and Matthew Franklin},
	title = {Identity-based encryption from the {Weil} pairing},
	journal = {SIAM Journal of Computing},
	volume = 48,
	number = 4,
	pages = {702-722},
	year = 2001
}

@INPROCEEDINGS{bgn:2-dnf:tcc05,
	author = {Dan Boneh and Eu-Jin Goh and Kobbi Nissim},
	title = {Evaluating 2-dnf formulas on ciphertexts},
	booktitle = {Proc. 2nd Theory of Cryptography Conference (TCC)}, 
	series = lncs,
	volume = 3378, 
	pages = {325-341}, 
	publisher = {Springer-Verlag},
	year = 2005
}

@INPROCEEDINGS{boudot:range-proofs:ec00,
	author = {Fabrice Boudot},
	title = {Efficient proofs that a committed number lies in an interval},
	booktitle = {Proc. Eurocrypt '00},
	series = lncs,
	volume = 1807,
	publisher = {Springer-Verlag},
	pages = {431-444},
	year = 2000
}

@INPROCEEDINGS{bw:anonymous-hibe:c06,
	author = {Xavier Boyen and Brent Waters},
	title = {Anonymous hierarchical identity-based encryption (without random
			 oracles)},
	booktitle = {Proc. Crypto '06},
	volume = 4117,
	series = lncs,
	publisher = {Springer-Verlag},
	pages = {290-307},
	year = 2006
}

@INPROCEEDINGS{bw:sgh-groups-sigs:pkc07,
	author = {Xavier Boyen and Brent Waters},
	title = {Full-domain subgroup hiding and constant-size group signatures},
	booktitle = {Proc. PKC '07},
	volume = 4450,
	series = lncs,
	publisher = {Springer-Verlag},	
	pages =  {1-15}, 
	year = 2007
}

@INPROCEEDINGS{ccs:range-proofs:ac08,
	author = {Jan Camenisch and Rafik Chaabouni and abhi shelat},
	title = {Efficient protocols for set membership and range proofs},
	booktitle = {Proc. Asiacrypt '08},
	year = 2008,
	pages = {234-252}
}

@INPROCEEDINGS{cd:verifiable-encryption:ac00,
	author = {Jan Camenisch and Ivan Damg{\aa}rd},
	title = {Verifiable encryption, group encryption, and their applications
			 to separable group signatures and signature sharing schemes},
	booktitle = {Proc. Asiacrypt '00},
	volume = 1976,
	publisher = {Springer-Verlag},
	series = lncs,
	pages = {331-345},
	year = 2000
}

@INPROCEEDINGS{chl:compact-ecash:ec05,
	author = {Jan Camenisch and Susan Hohenberger and Anna Lysyanskaya},
	title = {Compact e-cash},
	booktitle = {Proc. Eurocrypt '05},
	publisher = {Springer-Verlag},
	series = lncs,
	volume = 3494,
	pages = {302-321},
	year = 2005
}

@INPROCEEDINGS{chp:batch-verification:ec07,
	author = {Jan Camenisch and Susan Hohenberger and Michael {\O}stergaard
			  Pedersen},
	title = {Batch verification of short signatures},
	booktitle = {Proc. Eurocrypt '07},
	year = 2007,
	pages = {246-263},
	volume = 4515,
	series = lncs,
	publisher = {Springer-Verlag}
}

@INPROCEEDINGS{cl:anonymous-credentials:ec01,
	author = {Jan Camenisch and Anna Lysyanskaya},
	title = {An efficient system for non-transferable anonymous credentials
			 with optional anonymity revocation},
	booktitle = {Proc. Eurocrypt '01},
	series = lncs,
	publisher = {Springer-Verlag},
	volume = 2045,
	pages = {93-118},
	year = 2001
}

@INPROCEEDINGS{cl:signatures:scn02,
	author = {Jan Camenisch and Anna Lysyanskaya},
	title = {A signature scheme with efficient protocols},
	booktitle = {Proc. SCN '02},
	year = 2002,
	pages = {268-289},
	series = lncs,
	publisher = {Springer-Verlag},
	volume = 2576
}

@INPROCEEDINGS{cl:signatures:c04,
	author = {Jan Camenisch and Anna Lysyanskaya},
	title = {Signature schemes and anonymous credentials from bilinear maps},
	booktitle = {Proc. Crypto '04},
	series = lncs,
	publisher = {Springer-Verlag},
	volume = 3152,
	pages = {56-72},
	year = 2004
}

@INPROCEEDINGS{clm:endorsed-ecash:ieee07,
	author = {Jan Camenisch and Anna Lysyanskaya and Mira Meyerovich},
	title = {Endorsed e-cash},
	year = 2007,
	booktitle = {IEEE Symposium on Security and Privacy},
	pages = {101-115}
}

@INPROCEEDINGS{cs:verifiable-encryption:c03,
	author = {Jan Camenisch and Victor Shoup},
	title = {Practical verifiable encryption and decryption of discrete
			 logarithms},
	booktitle = {Proc. Crypto '03},
	series = lncs,
	publisher = {Springer-Verlag},
	volume = 2729,
	pages = {126-144},
	year = 2003
}

@INPROCEEDINGS{cvh:idemix:ccs02,
	author = {Jan Camenisch and Els Van Herreweghen},
	title = {Design and implementation of the idemix anonymous credential
			 system},
	booktitle = {ACM Conference on Computer and Communications Security (CCS)
				 '02},
	year = 2002,
	pages = {21-30},
	publisher = {ACM}
}

@INPROCEEDINGS{cggm:resettable-zk:stoc01,
	author = {Ran Canetti and Oded Goldreich and Shafi Goldwasser and 
			  Silvio Micali},
	title = {Resettable zero-knowledge},
	booktitle = {Proc. 32st Symposium on the Theory of Computing (STOC)},
	pages = {235-244},
	year = 2001
}

@INPROCEEDINGS{chaum:blind-sigs:c82,
	author = {David Chaum},
	title = {Blind signatures for untraceable payments},
	booktitle = {Proc. Crypto '82},
	publisher = {Springer-Verlag},
	series = lncs,
	pages = {199-203},
	year = 1982
}

@INPROCEEDINGS{cbhms:electronic-checks:ec89,
	author = {David Chaum and Bert den Boer and Eug{\`e}ne van Heyst and Stig
			  Fr. Mj{\o}lsnes and Adri Steenbeek},
	title = {Efficient offline electronic checks (extended abstract)},
	booktitle = {Proc. Eurocrypt '89},
	year = 1989,
	pages = {294-301}
}

@MISC{damgard:sigma-protocols,
	author = {Ivan Damg{\aa}rd},
	title = {On sigma protocols},
	note = {\url{http://www.daimi.au.dk/ivan/Sigma.pdf}}
}

@INPROCEEDINGS{damgard:perfect-nizk-preprocessing:ec92,
	author = {Ivan Damg{\aa}rd},
	title = {Non-interactive circuit based proofs and non-interactive 
			 perfect zero-knowledge with preprocessing},
	booktitle = {Proc. Eurocrypt '92}, 
	series = lncs,
	volume = 658,
	pages =  {341-355},
	publisher = {Springer-Verlag}, 
	year = 1992
}

@INPROCEEDINGS{damgard:concurrent-zk-auxiliary-string:ec00,
	author = {Ivan Damg{\aa}rd},
	title = {Efficient concurrent zero-knowledge in the auxiliary string model},
	booktitle = {Proc. Eurocrypt '00},
	series = lncs,
	volume = 1807,
	pages = {418-430},
	year = 2000
}

@INPROCEEDINGS{df:commitment:ac02,
	author = {Ivan Damg{\aa}rd and Eiichiro Fujisaki},
	title = {A statistically-hiding integer commitment scheme based on groups
			 with hidden order},
	booktitle = {Proc. Asiacrypt '02},
	year = 2002,
	pages = {125-142},
	volume = 2501,
	series = lncs,
	publisher = {Springer-Verlag}
}

@INPROCEEDINGS{dy:prf:pkc05,
	author = {Yevgeniy Dodis and Aleksandr Yampolskiy},
	title = {A verifiable random function with short proofs and keys},
	year = 2005,
	booktitle = {Proc. PKC '05},
	pages = {416-431}
}

@MISC{dbs:pairing-survey:eprint04,
	author = {Ratna Dutta and Rana Barua and Palash Sarkar},
	title = {Pairing-based cryptographic protocols: a survey},	
	year = 2004, 
	howpublished = {Cryptology ePrint Archive, Report 2004/064},
	note = {\url{http://eprint.iacr.org/2004/064}}
}

@INPROCEEDINGS{elgamal:cryptosystem:c84,
	author = {Taher ElGamal},
	title = {A public-key cryptosystem and a signature scheme based on 
			 discrete logarithms},
	booktitle = {Proc. Crypto '84}, 
	pages = {10-18}, 
	year = 1984
} 

@INPROCEEDINGS{fls:multiple-theorem-nizk:stoc90,
	author = {Uriel Feige and Dror Lapidot and Adi Shamir},
	title = {Multiple non-interactive zero-knowledge proofs based on a single 
			 random string},
	booktitle = {Proc. 31st Symposium on Theory of Computing (STOC)}, 
	pages = {308-317}, 
	year = 1990
}

@INPROCEEDINGS{fghp:batch-verification:ctrsa09,
	author = {Anna Lisa Ferrara and Matthew Green and Susan Hohenberger and
			  Michael {\O}stergaard Pedersen},
	title = {Practical short signature batch verification},
	booktitle = {Proc. CT-RSA},
	year = 2009,
	pages = {309-324}
}

@INPROCEEDINGS{fs:id-signatures:c86,
	author = {Amos Fiat and Adi Shamir},
	title = {How to prove yourself: practical solutions to identification and
			 signature problems},
	booktitle = {Proc. Crypto '86},
	year = 1986,
	pages = {186-194},
	publisher = {Springer-Verlag},
	volume = 263,
	series = lncs
}

@INPROCEEDINGS{fo:statistical-zk:c97,
	author = {Eiichiro Fujisaki and Tatsuaki Okamoto},
	title = {Statistical zero knowledge protocols to prove modular polynomial
			 relations},
	booktitle = {Proc. Crypto '97},
	year = 1997,
	pages = {16-30},
	publisher = {Springer-Verlag},
	series = lncs,
	volume = 1294
}

@MISC{gmp,
	author = {GMP},
	title = {The {GNU} {MP} {Bignum} library},
	note = {\url{http://gmplib.org}}
}

@BOOK{goldreich:crypto-book:01,
	author = {Oded Goldreich},
  title  = {Foundations of Cryptography: Basic Tools},
  publisher = {Cambridge University Press},
  year      = 2001,
  address   = {Cambridge}
}

@INPROCEEDINGS{ggm:prf:focs84,
	author = {Oded Goldreich and Shafi Goldwasser and Silvio Micali},
	title = {How to construct random functions (extended abstract)},
	booktitle = {Proc. 25th Symposium on the Foundations of Computer Science
				 (FOCS)},
	year = 1984,
	pages = {464-479}
}

@ARTICLE{gmw:zk-for-np:jacm91,
	author = {Oded Goldreich and Silvio Micali and Avi Wigderson},
	title = {Proofs that yield nothing but their validity or all languages in
			 {NP} have zero-knowledge proof systems},
	journal = {J. ACM},
	volume = 38,
	number = 3,
	year = 1991,
	pages = {691-729}
}

@INPROCEEDINGS{gmr:zero-knowledge:stoc85,
	author = {Shafi Goldwasser and Silvio Micali and Charles Rackoff},
	title = {The knowledge complexity of interactive proof systems},
	booktitle = {Proc. 17th Symposium on the Theory of Computing (STOC)},
	pages = {186-208},
	year = 1985
}

@ARTICLE{gmr:adaptive-secure-sigs:siam88,
	author = {Shafi Goldwasser and Silvio Micali and Ron Rivest},
	title = {A digital signature scheme secure against adaptive chosen-message
			 attacks},
	journal = {SIAM Journal of Computing},
	volume = 17,
	number = 2,
	pages = {281-308},
	year = 1988
}

@INPROCEEDINGS{groth:voting:acns05,
	author = {Jens Groth},
	title = {Non-interactive zero-knowledge arguments for voting},
	booktitle = {ACNS},
	year = 2005,
	series = lncs,
	publisher = {Springer-Verlag},
	volume = 3531,
	pages = {467-482}
}

@INPROCEEDINGS{groth:group-signatures:ac07,
	author = {Jens Groth},
	title = {Fully anonymous group signatures without random oracles},
	booktitle = {Proc. Asiacrypt '07}, 
	series = lncs,
	publisher = {Springer-Verlag},
	volume = 4833, 
	pages = {164-180}, 
	year = 2007
}

@INPROCEEDINGS{gl:non-interactive-shuffle:ac07,
	author = {Jens Groth and Steve Lu},
	title = {A non-interactive shuffle with pairing-based verifiability},
	booktitle = {Proc. Asiacrypt '07}, 
	series = lncs,
	publisher = {Springer-Verlag},
	volume = 4833, 
	pages = {51-67}, 
	year = 2007
}

@INPROCEEDINGS{gos:perfect-nizk:ec06,
	author = {Jens Groth and Rafail Ostrovsky and Amit Sahai},
	title = {Perfect non-interactive zero-knowledge for {NP}},
	booktitle = {Proc. Eurocrypt '06}, 
	series = lncs,
	publisher = {Springer-Verlag},
	volume = 4004, 
	pages = {339-358}, 
	year = 2006
}

@INPROCEEDINGS{gs:efficient-nizk:ec08,
	author = {Jens Groth and Amit Sahai},
	title = {Efficient non-interactive proof systems for bilinear groups},
	booktitle = {Proc. Eurocrypt '08}, 
	series = lncs,
	publisher = {Springer-Verlag},
	volume = 4965, 
	pages = {415-432}, 
	year = 2008
}

@INPROCEEDINGS{hkkl:concurrent-blind-sigs:tcc07,
	author = {Carmit Hazay and Jonathan Katz and Chiu-Yuen Koo and Yehuda
			  Lindell},
	title = {Concurrently-secure blind signatures without random oracles or
			 setup assumptions},
	booktitle = {Proc. 4th Theory of Computing Conference (TCC)},
	publisher = {Springer-Verlag},
	pages = {323-341},
	series = lncs,
	volume = 4392,
	year = 2007
}

@INPROCEEDINGS{js:two-party-comp:ec07,
	author = {Stanislaw Jarecki and Vitaly Shmatikov},
	title = {Efficient two-party secure computation on committed inputs},
	booktitle = {Proc. Eurocrypt '07}, 
	series = lncs,
	publisher = {Springer-Verlag},
	volume = 4515, 
	pages = {143-154}, 
	year = 2007
}

@ARTICLE{kp:nizk-for-np:jofc98,
	author = {Joe Kilian and Erez Petrank},
	title = {An efficient non-interactive zero-knowledge proof system for NP 
			 with general assumptions},
	journal = {Journal of Cryptology}, 
	pages =  {1-27}, 
	year = 1998
}

@MISC{kl:barter:eprint08,
	author = {Alptekin K{\"u}p{\c{c}}{\"u} and Anna Lysyanskaya},
	title = {Usable optimistic fair exchange},
	howpublished = {Cryptology ePrint Archive, Report 2008/431},
	note = {\url{http://eprint.iacr.org/2008/431}},
	year = 2008
}

@MISC{kl:dafe:eprint09,
	author = {Alptekin K{\"u}p{\c{c}}{\"u} and Anna Lysyanskaya},
	title = {Optimistic fair exchange with multiple arbiters},
	howpublished = {Cryptology ePrint Archive, Report 2009/069},
	note = {\url{http://eprint.iacr.org/2009/069}},
	year = 2009
}

@INPROCEEDINGS{lipmaa:range-proofs:ac03,
	author = {Helger Lipmaa},
	title = {On {Diophantine} complexity and statistical zero-knowledge
			 arguments},
	booktitle = {Proc. Asiacrypt '03},
	volume = 2894,
	pages = {398-415},
	series = lncs,
	publisher = {Springer-Verlag},
	year = 2003
}

@MISC{lynn:pbc,
	author = {Ben Lynn},
	title = {{PBC} (pairing-based cryptography) library},
	note = {\url{http://crypto.stanford.edu/pbc}}
}

@INPROCEEDINGS{mnps:fairplay:usenix04,
	author = {Dahlia Malkhi and Noam Nisan and Benny Pinkas and Yaron Sella},
	title = {Fairplay - a secure two-party computation system},
	year = 2004,
	pages = {287-302},
	booktitle = {USENIX Security Symposium}
}

@MISC{myundergradthesis,
	author = {Sarah Meiklejohn},
	title = {Concurrent zero-knowledge proofs},
	howpublished = {Sc. B. thesis, Brown University, Providence, Rhode Island},
	school = {Brown University},
	address = {Providence, Rhode Island}, 
	year = 2008
}

@MASTERSTHESIS{mymastersthesis,
	author = {Sarah Meiklejohn},
	title = {An extension of the Groth-Sahai proof system},
	school = {Brown University},
	address = {Providence, Rhode Island}, 
	year = 2009
}

@BOOK{mov:handbook:97,
	author = {Alfred J. Menezes and Paul van Oorschot and Scott Vanstone},
	title = {Handbook of Applied Cryptography},
	publisher = {CRC Press},
	year = 1997
}


@INPROCEEDINGS{merkle:hash-signature:c88,
	author = {Ralph Merkle},
	title = {A digital signature based on a conventional encryption function},
	booktitle = {Proc. Crypto '88},
	year = 1987,
	pages = {369-378},
	volume = 293,
	series = lncs,
	publisher = {Springer-Verlag}
}

@INPROCEEDINGS{nr:prps:stoc97,
	author = {Moni Naor and Omer Reingold},
	title = {On the construction of pseudo-random permutations: {Luby-Rackoff} 
			 revisited},
	booktitle = {Proc. 29th Symposium on Theory of Computing (STOC)}, 
	pages = {189-199}, 
	year = 1997
}

@INPROCEEDINGS{ny:universal-one-way-hash:stoc89,
	author = {Moni Naor and Moti Yung},
	title = {Universal one-way hash functions and their cryptographic
			 applications},	
	booktitle = {Proc. 21st Symposium on Theory of Computing (STOC)}, 
	year = 1989,
	pages = {33-43}
}

@MISC{pg:fair-exchange-impossibility:99,
	author = {Henning Pagnia and Felix G{\"a}rtner},
	title = {On the impossibility of fair exchange without a trusted third
			 party},
	howpublished = {Darmstadt University Technical Report TUD-BS-1999-02},
	year = 1999
}

@INPROCEEDINGS{paillier:cryptosystem:ec99,
	author = {Pascal Paillier},
	title = {Public-key cryptosystems based on composite degree residuosity
			 classes},
	publisher = {Springer-Verlag},
	pages = {223-238},
	booktitle = {Proc. Eurocrypt '99},
	series = lncs,
	volume = 1592,
	year = 1999
}

@INPROCEEDINGS{pedersen:secret-sharing:c91,
	author = {Torben P. Pedersen},
	title = {Non-interactive and information-theoretic secure verifiable
			 secret sharing},
	booktitle = {Proc. Crypto '91},
	volume = 576,
	year = 1992,
	series = lncs,
	publisher = {Springer-Verlag}
}

@ARTICLE{rs:randomized-algorithms:cpam86,
	author = {Michael Rabin and Jeffrey Shallit},
	title = {Randomized algorithms in number theory},
	journal = {Communications on Pure and Applied Mathematics},
	volume = 39,
	number = 1,
	year = 1986,
	pages = {239-256}
}

@ARTICLE{schnorr:sigs:joc91,
	author = {Claus-Peter Schnorr},
	title = {Efficient signature generation by smart cards},
	journal = {Journal of Cryptology},
	volume = 4,
	number = 3,
	year = 1991,
	pages = {161-174}
}

@INPROCEEDINGS{schoenmakers:range-proofs:05,
	author = {Barry Schoenmakers},
	title = {Interval proofs revisited},
	booktitle = {International Workshop on Frontiers in Electronic Elections},
	year = 2005
}

@MISC{scott:sxdh:eprint02,
	author = {Michael Scott},
	title = {Authenticated {ID}-based key exchange and remote log-in with simple 
			 token and {PIN} number},	
	year = 2002, 
	howpublished = {Cryptology ePrint Archive, Report 2002/164},
	note = {\url{http://eprint.iacr.org/2002/164}}
}

@ARTICLE{shamir:secret-sharing:acm79,
	author = {Adi Shamir},
	title = {How to share a secret},
	journal = {Communications of the ACM},
	volume = 22,
	number = 11,
	year = 1979,
	pages = {612-613}
}

@INPROCEEDINGS{sg:securing-against-cca:ec98,
	author = {Victory Shoup and Rosario Gennaro},
	title = {Securing threshold cryptosystems against chosen ciphertext
			 attack},
	booktitle = {Proc. Eurocrypt '98},
	year = 1998,
	pages = {1-16}
}

@ARTICLE{verheul:sxdh:jofc04,
	author = {Eric Verheul},
	title = {Evidence that {XTR} is more secure than supersingular elliptic 
			 curve cryptosystems},
	journal = {Journal of Cryptology},
	volume = 17,
	number = 4,
	pages = {277-296},
	year = 2004
}

@INPROCEEDINGS{waters:ibe:ec05,
	author = {Brent Waters},
	title = {Efficient identity-based encryption without random oracles},
	booktitle = {Proc. Eurocrypt '05},
	pages = {114-127},
	publisher = {Springer-Verlag},
	volume = 3494,
	series = lncs,
	year = 2005
}
